<?xml version="1.0" encoding="utf-8"?>
<record xmlns="http://www.loc.gov/MARC21/slim" xmlns:xsi="http://www.w3.org/2001/XMLSchema-instance" xsi:schemaLocation="http://www.loc.gov/MARC21/slim http://www.loc.gov/standards/marcxml/schema/MARC21slim.xsd">
	<leader>     nam a22     Mi 4500</leader>
	<controlfield tag="001">b1276257x</controlfield>
	<controlfield tag="003">LeBAU</controlfield>
	<controlfield tag="006">m        d        </controlfield>
	<controlfield tag="007">cr cn |||m|||a</controlfield>
	<controlfield tag="008">180604m19341974ua afh  ob    ||1 0 ara d</controlfield>
	<datafield ind1=" " ind2=" " tag="040">
		<subfield code="a">ZYU</subfield>
		<subfield code="b">ara</subfield>
		<subfield code="e">rda</subfield>
		<subfield code="c">ZYU</subfield>
	</datafield>
	<datafield ind1="0" ind2="4" tag="082">
		<subfield code="a">492.717</subfield>
		<subfield code="2">20</subfield>
	</datafield>
	<datafield ind1="2" ind2=" " tag="110">
		<subfield code="6">880-01</subfield>
		<subfield code="a">Dār al-Kutub al-Miṣrīyah,</subfield>
		<subfield code="e">issuing body.</subfield>
	</datafield>
	<datafield ind1="1" ind2="0" tag="245">
		<subfield code="6">880-02</subfield>
		<subfield code="a">Awrāq al-bardī al-ʻArabīyah bi-Dār al-Kutub al-Miṣrīyah /</subfield>
		<subfield code="c">jamaʻahā wa-ʻallaqa ʻalayhā wa-waḍaʻahā bi-al-Injilīzīyah Adūlf Jrūhmān Ph. D., ustādh al-lughahāt al-Sāmīyah wa-tārīkh al-thaqāfat al-sharqīyah bi-Jāmi‘at Brāgh al-Shīkūslūvākīyah ; ishtaraka ma‘a al-mu’allif fī naql al-kitāb ilá al-‘Arabīyah al-Duktūr Ḥasan Ibrāhīm Ḥasan Ph. D., D. Lit. (Lond.), M.R.A.S., F.R.S.A., ustādh al-tārīkh al-Islāmī al-musā‘id bi-kullīyat al-ādāb bi-al-Jāmi‘ah al-Miṣrīyah ; rājaʻa al-tarjamah al-ustādh ʻAbd al-Ḥamīd Ḥasan, al-mufattish bi-Wizārat al-Ma‘ārif.</subfield>
	</datafield>
	<datafield ind1="1" ind2=" " tag="246">
		<subfield code="6">880-03</subfield>
		<subfield code="a">Arabic Papyri in the Egyption Library</subfield>
		<subfield code="a">Arabic Papyri in the Egyption Library</subfield>
		<subfield code="i">Title on volume 2:</subfield>
	</datafield>
	<datafield ind1=" " ind2=" " tag="250">
		<subfield code="6">880-04</subfield>
		<subfield code="a">al-Ṭab‘ah al-ūlá.</subfield>
	</datafield>
	<datafield ind1=" " ind2="1" tag="264">
		<subfield code="6">880-05</subfield>
		<subfield code="a">al-Qāhirah :</subfield>
		<subfield code="b">Maṭba‘at Dār al-Kutub al-Miṣrīyah,</subfield>
		<subfield code="c">1934-1974.</subfield>
	</datafield>
	<datafield ind1=" " ind2=" " tag="300">
		<subfield code="6">880-06</subfield>
		<subfield code="a">online resource (6 volumes) :</subfield>
		<subfield code="b">illustrations, facsimiles</subfield>
	</datafield>
	<datafield ind1=" " ind2=" " tag="336">
		<subfield code="a">text</subfield>
		<subfield code="2">rdacontent</subfield>
	</datafield>
	<datafield ind1=" " ind2=" " tag="337">
		<subfield code="a">computer</subfield>
		<subfield code="2">rdamedia</subfield>
	</datafield>
	<datafield ind1=" " ind2=" " tag="338">
		<subfield code="a">online resource</subfield>
		<subfield code="2">rdacarrier</subfield>
	</datafield>
	<datafield ind1=" " ind2=" " tag="500">
		<subfield code="a">السفر الثاني بالعربية والإنجليزية؛ والسفر الخامس ترجمه إلى العربية عبد الحميد حسن، وراجع الترجمة الدكتور محمد مهدي علام.</subfield>
	</datafield>
	<datafield ind1=" " ind2=" " tag="500">
		<subfield code="a">Part of the Arabic Collections Online (ACO) project, contributed by American University of Beirut's Jafet Memorial Library.</subfield>
	</datafield>
	<datafield ind1=" " ind2=" " tag="504">
		<subfield code="a">يتضمن مراجع ببليوغرافية.</subfield>
	</datafield>
	<datafield ind1="0" ind2=" " tag="505">
		<subfield code="a">أوراق البردى العربية بدار الكتب المصرية: السفر الأول. يشتمل على بعض الطرز والوثائق الفقهية وبه عشرون لوحة --السفر الثاني. Legal texts with twenty four plates --السفر الثالث. يشتمل على وثائق فقهية وبه أربع وعشرون لوحة --السفر الرابع. يشتمل على وثائق إدارية وبه ثمان وعشرون لوحة --السفر الخامس. يشتمل على وثائق إدارية وبه أربعة وعشرون لوحة --السفر السادس: يشتمل على وثائق إقتصادية وبه ست عشرة لوحة.</subfield>
	</datafield>
	<datafield ind1=" " ind2=" " tag="533">
		<subfield code="a">Electronic reproduction.</subfield>
		<subfield code="b">New York, N.Y. :</subfield>
		<subfield code="c">New York University,</subfield>
		<subfield code="d">2018.</subfield>
		<subfield code="5">NNU</subfield>
	</datafield>
	<datafield ind1="2" ind2="4" tag="610">
		<subfield code="a">دار الكتب المصرية.</subfield>
	</datafield>
	<datafield ind1="2" ind2="0" tag="610">
		<subfield code="a">Dār al-Kutub al-Miṣrīyah.</subfield>
	</datafield>
	<datafield ind1=" " ind2="4" tag="650">
		<subfield code="a">المخطوطات العربية (البرديات)</subfield>
		<subfield code="v">فهارس.</subfield>
	</datafield>
	<datafield ind1=" " ind2="4" tag="650">
		<subfield code="a">المخطوطات العربية (البرديات)</subfield>
		<subfield code="v">صور طبق الاصل.</subfield>
	</datafield>
	<datafield ind1=" " ind2="4" tag="650">
		<subfield code="a">المخطوطات</subfield>
		<subfield code="z">مصر</subfield>
		<subfield code="v">فهارس.</subfield>
	</datafield>
	<datafield ind1=" " ind2="0" tag="650">
		<subfield code="a">Manuscripts, Arabic (Papyri)</subfield>
		<subfield code="v">Catalogs.</subfield>
	</datafield>
	<datafield ind1=" " ind2="0" tag="650">
		<subfield code="a">Manuscripts, Arabic (Papyri)</subfield>
		<subfield code="v">Facsimiles.</subfield>
	</datafield>
	<datafield ind1=" " ind2="0" tag="650">
		<subfield code="a">Manuscripts</subfield>
		<subfield code="z">Egypt</subfield>
		<subfield code="v">Catalogs.</subfield>
	</datafield>
	<datafield ind1="1" ind2=" " tag="700">
		<subfield code="6">880-07</subfield>
		<subfield code="a">Grohmann, Adolf,</subfield>
		<subfield code="d">1887-1977,</subfield>
		<subfield code="e">compiler.</subfield>
	</datafield>
	<datafield ind1="1" ind2=" " tag="700">
		<subfield code="6">880-08</subfield>
		<subfield code="a">Ḥasan, Ḥasan Ibrāhīm,</subfield>
		<subfield code="e">translator.</subfield>
	</datafield>
	<datafield ind1="1" ind2=" " tag="700">
		<subfield code="6">880-09</subfield>
		<subfield code="a">Ḥasan, ʻAbd al-Ḥamīd,</subfield>
		<subfield code="e">translator.</subfield>
	</datafield>
	<datafield ind1="1" ind2=" " tag="700">
		<subfield code="6">880-10</subfield>
		<subfield code="a">Ḥasan, ʻAbd al-Ḥamīd,</subfield>
		<subfield code="e">reviewer.</subfield>
	</datafield>
	<datafield ind1="1" ind2=" " tag="700">
		<subfield code="6">880-11</subfield>
		<subfield code="a">ʻAllām, Mahdī,</subfield>
		<subfield code="e">reviewer.</subfield>
	</datafield>
	<datafield ind1="2" ind2=" " tag="710">
		<subfield code="a">Jafet Memorial Library.</subfield>
	</datafield>
	<datafield ind1="0" ind2=" " tag="730">
		<subfield code="a">Arabic Collections Online.</subfield>
	</datafield>
	<datafield ind1="0" ind2="8" tag="776">
		<subfield code="i">Print version:</subfield>
		<subfield code="a">Dār al-Kutub al-Miṣrīyah, issuing body.</subfield>
		<subfield code="t">Awrāq al-bardī al-ʻArabīyah bi-Dār al-Kutub al-Miṣrīyah</subfield>
		<subfield code="w">(LeBAU)b1276257x</subfield>
	</datafield>
	<datafield ind1="4" ind2="0" tag="856">
		<subfield code="u">http://hdl.handle.net/2333.1/5dv41vz7</subfield>
	</datafield>
	<datafield ind1="2" ind2=" " tag="880">
		<subfield code="6">110-01</subfield>
		<subfield code="a">دار الكتب المصرية،</subfield>
		<subfield code="e">هيئة إصدار. </subfield>
		<subfield code="4">isb.</subfield>
	</datafield>
	<datafield ind1="1" ind2="0" tag="880">
		<subfield code="6">245-02</subfield>
		<subfield code="a">أوراق البردى العربية بدار الكتب المصرية /</subfield>
		<subfield code="c">جمعها وعلق عليها ووضعها بالإنجليزية أدولف جروهمان Ph. D.، أستاذ اللغات السامية وتاريخ الثقافة الشرقية بجامعة براغ الشيكوسلوڤاكية ؛ إشترك مع المؤلف في نقل الكتاب إلى العربية الدكتور حسن إبراهيم حسن Ph. D., D. Lit. (Lond.), M.R.A.S., F.R.S.A., أستاذ التاريخ الإسلامي المساعد بكلية الآداب بالجامعة المصرية ؛ راجع الترجمة الأستاذ عبد الحميد حسن، المفتش بوزارة المعارف.</subfield>
	</datafield>
	<datafield ind1="1" ind2=" " tag="880">
		<subfield code="6">246-03</subfield>
		<subfield code="i">Title on volume 2:</subfield>
		<subfield code="a">عنوان السفر الثاني:</subfield>
	</datafield>
	<datafield ind1=" " ind2=" " tag="880">
		<subfield code="6">250-04</subfield>
		<subfield code="a">الطبعة الأولى.</subfield>
	</datafield>
	<datafield ind1=" " ind2="1" tag="880">
		<subfield code="6">264-05</subfield>
		<subfield code="a">القاهرة :</subfield>
		<subfield code="b">مطبعة دار الكتب المصرية،</subfield>
		<subfield code="c">1934-1974.</subfield>
	</datafield>
	<datafield ind1=" " ind2=" " tag="880">
		<subfield code="6">300-06</subfield>
		<subfield code="a">6 أسفار :</subfield>
		<subfield code="b">مصورات، صور طبق الأصل ؛</subfield>
		<subfield code="c">34 سم</subfield>
	</datafield>
	<datafield ind1="1" ind2=" " tag="880">
		<subfield code="6">700-07</subfield>
		<subfield code="a">غروهمان، ادولف،</subfield>
		<subfield code="d">1887-1977،</subfield>
		<subfield code="e">معد. </subfield>
		<subfield code="4">com.</subfield>
	</datafield>
	<datafield ind1="1" ind2=" " tag="880">
		<subfield code="6">700-08</subfield>
		<subfield code="a">حسن، حسن ابراهيم،</subfield>
		<subfield code="e">مترجم. </subfield>
		<subfield code="4">trl.</subfield>
	</datafield>
	<datafield ind1="1" ind2=" " tag="880">
		<subfield code="6">700-09</subfield>
		<subfield code="a">حسن، عبد الحميد،</subfield>
		<subfield code="e">مترجم. </subfield>
		<subfield code="4">trl.</subfield>
	</datafield>
	<datafield ind1="1" ind2=" " tag="880">
		<subfield code="6">700-10</subfield>
		<subfield code="a">حسن، عبد الحميد،</subfield>
		<subfield code="e">مراجع. </subfield>
		<subfield code="4">rev.</subfield>
	</datafield>
	<datafield ind1="1" ind2=" " tag="880">
		<subfield code="6">700-11</subfield>
		<subfield code="a">علام، مهدي،</subfield>
		<subfield code="e">مراجع. </subfield>
		<subfield code="4">rev.</subfield>
	</datafield>
	<datafield ind1=" " ind2=" " tag="959">
		<subfield code="a">NNU</subfield>
		<subfield code="b">WEB</subfield>
		<subfield code="c">GENI</subfield>
		<subfield code="t">0</subfield>
		<subfield code="m">Electronic access</subfield>
		<subfield code="s">01</subfield>
	</datafield>
	<datafield ind1=" " ind2=" " tag="999">
		<subfield code="i">LeBAU_b1276257x</subfield>
		<subfield code="s">aub_aco001783:v.1</subfield>
		<subfield code="e">(ERROR-MISC)</subfield>
	</datafield>
</record>
